<?xml version='1.0' encoding='utf-8'?>
<record xmlns="http://www.loc.gov/MARC21/slim" xmlns:xsi="http://www.w3.org/2001/XMLSchema-instance">
  <leader>^^^^^nkdaa22003251a^4500</leader>
  <controlfield tag="001">002747276</controlfield>
  <controlfield tag="005">20020409000000.0</controlfield>
  <controlfield tag="008">940131i18601880miunnn^^^^^^^^^^^1kneng^d</controlfield>
  <datafield tag="035" ind1=" " ind2=" ">
    <subfield code="a">(RLIN)MIUV91-F321</subfield>
  </datafield>
  <datafield tag="035" ind1=" " ind2=" ">
    <subfield code="a">(OCoLC)ocm35067212</subfield>
  </datafield>
  <datafield tag="035" ind1=" " ind2=" ">
    <subfield code="a">(OCoLC)ocm35067212</subfield>
  </datafield>
  <datafield tag="040" ind1=" " ind2=" ">
    <subfield code="a">MiU-H</subfield>
    <subfield code="c">MiU-H</subfield>
    <subfield code="e">gihc</subfield>
  </datafield>
  <datafield tag="100" ind1="1" ind2=" ">
    <subfield code="a">Boughton, John C.,</subfield>
    <subfield code="d">1836-1894.</subfield>
  </datafield>
  <datafield tag="245" ind1="0" ind2="0">
    <subfield code="a">John C. Boughton photograph series.</subfield>
  </datafield>
  <datafield tag="260" ind1=" " ind2=" ">
    <subfield code="c">1860-1889.</subfield>
  </datafield>
  <datafield tag="300" ind1=" " ind2=" ">
    <subfield code="a">1 folder.</subfield>
  </datafield>
  <datafield tag="545" ind1=" " ind2=" ">
    <subfield code="a">Novi, Traverse City, and Bay City, Michigan, Michigan and officer with the Second Michigan Infantry in the Civil War.</subfield>
  </datafield>
  <datafield tag="520" ind1=" " ind2=" ">
    <subfield code="a">Portraits of John C. Boughton.</subfield>
  </datafield>
  <datafield tag="500" ind1=" " ind2=" ">
    <subfield code="a">Donor: 3707.</subfield>
  </datafield>
  <datafield tag="580" ind1=" " ind2=" ">
    <subfield code="a">Forms part of Boughton, John C. John C. Boughton papers.</subfield>
  </datafield>
  <datafield tag="530" ind1=" " ind2=" ">
    <subfield code="a">Microfilm copy available in part.</subfield>
  </datafield>
  <datafield tag="600" ind1="1" ind2="0">
    <subfield code="a">Boughton, John C.,</subfield>
    <subfield code="d">1836-1894.</subfield>
  </datafield>
  <datafield tag="650" ind1=" " ind2="7">
    <subfield code="a">Military officers.</subfield>
    <subfield code="2">lctgm</subfield>
  </datafield>
  <datafield tag="655" ind1=" " ind2="7">
    <subfield code="a">Tintypes.</subfield>
    <subfield code="2">gmgpc</subfield>
  </datafield>
  <datafield tag="651" ind1=" " ind2="0">
    <subfield code="a">United States</subfield>
    <subfield code="x">History</subfield>
    <subfield code="y">Civil War, 1861-1865.</subfield>
  </datafield>
  <datafield tag="655" ind1=" " ind2="7">
    <subfield code="a">Photographs.</subfield>
    <subfield code="2">aat</subfield>
  </datafield>
  <datafield tag="773" ind1="1" ind2=" ">
    <subfield code="a">Boughton, John C.</subfield>
    <subfield code="7">p1bc</subfield>
    <subfield code="t">John C. Boughton papers.</subfield>
    <subfield code="w">(CStRLIN)MIUV85-A768</subfield>
  </datafield>
  <datafield tag="852" ind1="8" ind2=" ">
    <subfield code="a">MiU-H</subfield>
    <subfield code="b">BENT</subfield>
    <subfield code="c">SF</subfield>
    <subfield code="h">85768 Aa 2 Vault</subfield>
  </datafield>
  <datafield tag="852" ind1="8" ind2=" ">
    <subfield code="a">MiU-H</subfield>
    <subfield code="b">BENT</subfield>
    <subfield code="h">85768 Ac</subfield>
  </datafield>
  <datafield tag="998" ind1=" " ind2=" ">
    <subfield code="c">MFM</subfield>
    <subfield code="s">9114</subfield>
  </datafield>
  <datafield tag="LKR" ind1=" " ind2=" ">
    <subfield code="a">UP</subfield>
    <subfield code="b">002741166</subfield>
    <subfield code="l">MIU01</subfield>
    <subfield code="r">773</subfield>
    <subfield code="m">John C. Boughton photograph series.</subfield>
    <subfield code="n">John C. Boughton papers,</subfield>
  </datafield>
  <datafield tag="955" ind1=" " ind2=" ">
    <subfield code="b">BENT</subfield>
    <subfield code="c">SF</subfield>
    <subfield code="p">B1062399</subfield>
  </datafield>
  <datafield tag="955" ind1=" " ind2=" ">
    <subfield code="b">BENT</subfield>
    <subfield code="p">B1062400</subfield>
  </datafield>
</record>
